@inproceedings{lee2010debunking,
	title={Debunking the 100X GPU vs. CPU myth: an evaluation of throughput computing on CPU and GPU},
	author={Lee, Victor W and Kim, Changkyu and Chhugani, Jatin and Deisher, Michael and Kim, Daehyun and Nguyen, Anthony D and Satish, Nadathur and Smelyanskiy, Mikhail and Chennupaty, Srinivas and Hammarlund, Per and others},
	booktitle={ACM SIGARCH Computer Architecture News},
	volume={38},
	number={3},
	pages={451--460},
	year={2010},
	organization={ACM}
}

@inproceedings{banerjee2013fast,
  title={Fast, scalable parallel comparison sort on hybrid multicore architectures},
  author={Banerjee, Dip Sankar and Sakurikar, Parikshit and Kothapalli, Kishore},
  booktitle={Parallel and Distributed Processing Symposium Workshops \& PhD Forum (IPDPSW), 2013 IEEE 27th International},
  pages={1060--1069},
  year={2013},
  organization={IEEE}
}

@article{matam2012sparse,
  title={Sparse matrix matrix multiplication on hybrid CPU+GPU platforms},
  author={Matam, Kiran Kumar and Bharadwaj, Siva Rama Krishna and Kothapalli, Kishore},
  journal={Proc. of 19th Annual International Conference on High Performance Computing (HiPC), India},
  year={2012}
}

@inproceedings{indarapu2014architecture,
  title={Architecture-and workload-aware heterogeneous algorithms for sparse matrix vector multiplication},
  author={Indarapu, Sivaramakrishna Bharadwaj and Maramreddy, Manoj and Kothapalli, Kishore},
  booktitle={Proceedings of the 7th ACM India Computing Conference},
  pages={3},
  year={2014},
  organization={ACM}
}

@article{ltaief2010hybrid,
  title={Hybrid multicore cholesky factorization with multiple gpu accelerators},
  author={Ltaief, Hatem and Tomov, Stanimire and Nath, Rajib and Dongarra, Jack},
  journal={IEEE Transaction on Parallel and Distributed Systems},
  year={2010}
}

@inproceedings{gharaibeh2013graphs,
  title={On graphs, GPUs, and blind dating: A workload to processor matchmaking quest},
  author={Gharaibeh, Ammar and Beltrão Costa, Lauro and Santos-Neto, Elizeu and Ripeanu, Matei},
  booktitle={Parallel \& Distributed Processing (IPDPS), 2013 IEEE 27th International Symposium on},
  pages={851--862},
  year={2013},
  organization={IEEE}
}

@inproceedings{banerjee2011hybrid,
  title={Hybrid algorithms for list ranking and graph connected components},
  author={Banerjee, Dip Sankar and Kothapalli, Kishore},
  booktitle={High Performance Computing (HiPC), 2011 18th International Conference on},
  pages={1--10},
  year={2011},
  organization={IEEE}
}

@inproceedings{hong2013fast,
  title={On fast parallel detection of strongly connected components (SCC) in small-world graphs},
  author={Hong, Sungpack and Rodia, Nicole C and Olukotun, Kunle},
  booktitle={Proceedings of the International Conference on High Performance Computing, Networking, Storage and Analysis},
  pages={92},
  year={2013},
  organization={ACM}
}

@article{asanovic2006landscape,
  title={The landscape of parallel computing research: A view from Berkeley (2006)},
  author={Asanovic, Krste and Bodik, Ras and Catanzaro, Bryan Christopher and Gebis, Joseph James and Husbands, Parry and Keutzer, Kurt and Patterson, David A and Plishker, William Lester and Shalf, John and Williams, Samuel Webb and others},
  journal={Electrical Engineering and Computer Sciences University of California at Berkeley. http://www. eecs. berkeley. edu/Pubs/TechRpts/2006/EECS-2006-183. pdf},
  year={2006}
}

@misc{golub1989matrix,
  title={Matrix Computations Johns Hopkins University Press},
  author={Golub, Gene H and Van Loan, Charles F},
  year={1989},
  publisher={Baltimore, London}
}

@misc{intelMKL,
  title={Intel Math Kernel Library},
  howpublished={\url{https://software.intel.com/en-us/intel-mkl}},
  note={Accessed: 2016-03-19}
}

@misc{cuSPARSE,
  title={NVIDIA cuSPARSE Library},
  howpublished={\url{https://developer.nvidia.com/cusparse}},
  note={Accessed: 2016-03-19}
}

@misc{openMP,
  title={Open Multi-Processing Tutorials},
  howpublished={\url{https://computing.llnl.gov/tutorials/openMP/}},
  note={Accessed: 2016-03-19}
}

@misc{cuda,
  title={CUDA C Programming guide},
  howpublished={\url{http://docs.nvidia.com/cuda/cuda-c-programming-guide}},
  note={Accessed: 2016-03-19}
}


@inproceedings{buluc2008challenges,
  title={Challenges and advances in parallel sparse matrix-matrix multiplication},
  author={Buluc, Aydin and Gilbert, John R},
  booktitle={Parallel Processing, 2008. ICPP'08. 37th International Conference on},
  pages={503--510},
  year={2008},
  organization={IEEE}
}

@misc{snap,
  title={Stanford Network Analysis Platform Dataset},
  howpublished={\url{http://www.cise.ufl.edu/research/sparse/matrices/SNAP/}},
  note={Accessed: 2016-03-19}
}

@misc{williams,
  title={Williams Group, UF Sparse Matrix Collection},
  howpublished={\url{http://www.cise.ufl.edu/research/sparse/matrices/Williams/}},
  note={Accessed: 2016-03-19}
}

@book{demmel1997applied,
  title={Applied numerical linear algebra},
  author={Demmel, James W},
  year={1997},
  publisher={Siam}
}

@article{alstott2014powerlaw,
  title={powerlaw: a Python package for analysis of heavy-tailed distributions},
  author={Alstott, Jeff and Bullmore, Ed and Plenz, Dietmar},
  journal={PloS one},
  volume={9},
  number={1},
  pages={e85777},
  year={2014},
  publisher={Public Library of Science}
}

@misc{bader2006gtgraph,
  title={GTgraph: A suite of synthetic graph generators},
  author={Bader, David A and Madduri, Kamesh},
  howpublished={Available at \url{http://www.cse.psu.edu/~kxm85/software/GTgraph/index.html}},
  note={Accessed: 2016-03-19},
  year={2006}
}

@article{gustavson1978two,
  title={Two fast algorithms for sparse matrices: Multiplication and permuted transposition},
  author={Gustavson, Fred G},
  journal={ACM Transactions on Mathematical Software (TOMS)},
  volume={4},
  number={3},
  pages={250--269},
  year={1978},
  publisher={ACM}
}

@article{park1992fast,
  title={Fast sparse matrix multiplication},
  author={Park, SC and Draayer, JP and Zheng, S-Q},
  journal={Computer Physics Communications},
  volume={70},
  number={3},
  pages={557--568},
  year={1992},
  publisher={Elsevier}
}

@inproceedings{siegel2010efficient,
  title={Efficient sparse matrix-matrix multiplication on heterogeneous high performance systems},
  author={Siegel, Jakob and Villa, Oreste and Krishnamoorthy, Sriram and Tumeo, Antonino and Li, Xiaoming},
  booktitle={Cluster Computing Workshops and Posters (CLUSTER WORKSHOPS), 2010 IEEE International Conference on},
  pages={1--8},
  year={2010},
  organization={IEEE}
}

@inproceedings{sulatycke1998caching,
  title={Caching-efficient multithreaded fast multiplication of sparse matrices},
  author={Sulatycke, Peter D and Ghose, Kanad},
  booktitle={Parallel Processing Symposium, 1998. IPPS/SPDP 1998. Proceedings of the First Merged International... and Symposium on Parallel and Distributed Processing 1998},
  pages={117--123},
  year={1998},
  organization={IEEE}
}

@inproceedings{grewe2011static,
  title={A static task partitioning approach for heterogeneous systems using OpenCL},
  author={Grewe, Dominik and O’Boyle, Michael FP},
  booktitle={Compiler Construction},
  pages={286--305},
  year={2011},
  organization={Springer}
}

@inproceedings{kofler2013automatic,
  title={An automatic input-sensitive approach for heterogeneous task partitioning},
  author={Kofler, Klaus and Grasso, Ivan and Cosenza, Biagio and Fahringer, Thomas},
  booktitle={Proceedings of the 27th international ACM conference on International conference on supercomputing},
  pages={149--160},
  year={2013},
  organization={ACM}
}

@inproceedings{luk2009qilin,
  title={Qilin: exploiting parallelism on heterogeneous multiprocessors with adaptive mapping},
  author={Luk, Chi-Keung and Hong, Sunpyo and Kim, Hyesoon},
  booktitle={Microarchitecture, 2009. MICRO-42. 42nd Annual IEEE/ACM International Symposium on},
  pages={45--55},
  year={2009},
  organization={IEEE}
}

@inproceedings{gregg2011dynamic,
  title={Dynamic heterogeneous scheduling decisions using historical runtime data},
  author={Gregg, Chris and Boyer, Michael and Hazelwood, Kim and Skadron, Kevin},
  booktitle={Workshop on Applications for Multi-and Many-Core Processors (A4MMC)},
  year={2011}
}

@inproceedings{boyer2013load,
  title={Load balancing in a changing world: dealing with heterogeneity and performance variability},
  author={Boyer, Michael and Skadron, Kevin and Che, Shuai and Jayasena, Nuwan},
  booktitle={Proceedings of the ACM International Conference on Computing Frontiers},
  pages={21},
  year={2013},
  organization={ACM}
}

@techreport{hou2010spap,
  title={SPAP: A programming language for heterogeneous many-core systems},
  author={Hou, Qiming and Zhou, Kun and Guo, Baining},
  year={2010},
  institution={Technical report, Zhejiang University Graphics and Parallel Systems Lab}
}

@inproceedings{wang2010power,
  title={Power-efficient work distribution method for CPU-GPU heterogeneous system},
  author={Wang, Guibin and Ren, Xiaoguang},
  booktitle={Parallel and Distributed Processing with Applications (ISPA), 2010 International Symposium on},
  pages={122--129},
  year={2010},
  organization={IEEE}
}

@article{augonnet2011starpu,
  title={StarPU: a unified platform for task scheduling on heterogeneous multicore architectures},
  author={Augonnet, C{\'e}dric and Thibault, Samuel and Namyst, Raymond and Wacrenier, Pierre-Andr{\'e}},
  journal={Concurrency and Computation: Practice and Experience},
  volume={23},
  number={2},
  pages={187--198},
  year={2011},
  publisher={Wiley Online Library}
}

@inproceedings{shen2014improving,
  title={Improving performance by matching imbalanced workloads with heterogeneous platforms},
  author={Shen, Jie and Varbanescu, Ana Lucia and Zou, Peng and Lu, Yutong and Sips, Henk},
  booktitle={Proceedings of the 28th ACM international conference on Supercomputing},
  pages={241--250},
  year={2014},
  organization={ACM}
}

@article{kothapalliworkload,
  title={Workload Aware Algorithms for Heterogeneous Platforms},
  author={Kothapalli, Kishore and Indarapu, Sivaramakrishna and Sharma, Shashank and Banerjee, Dip Sankar and Nigam, Rohit},
  howpublished={Available at \url{http://cstar.iiit.ac.in/~kkishore/workqueue.pdf}},
  note={Accessed: 2016-03-19},
}

@misc{motwani1995randomized,
  title={Randomized algorithms (cambridge international series on parallel computation)},
  author={Motwani, Rajeev and Raghavan, Prabhakar},
  year={1995},
  publisher={Cambridge University Press}
}

@article{williams2009optimization,
  title={Optimization of sparse matrix--vector multiplication on emerging multicore platforms},
  author={Williams, Samuel and Oliker, Leonid and Vuduc, Richard and Shalf, John and Yelick, Katherine and Demmel, James},
  journal={Parallel Computing},
  volume={35},
  number={3},
  pages={178--194},
  year={2009},
  publisher={Elsevier}
}